|0000||0|||Teste de arquivo||||||||||
|0001|1|
|0990|3|
|C001|1|
|C990|2|
|D001|1|
|D990|2|
|H001|1|
|H990|2|
|1001|0|
|1010|N|N|N|N|N|N|N|N|N|
|1990|3|
|9001|0|
|9900|0000|1|
|9900|0001|1|
|9900|0990|1|
|9900|C001|1|
|9900|C990|1|
|9900|D001|1|
|9900|D990|1|
|9900|H001|1|
|9900|H990|1|
|9900|1001|1|
|9900|1010|1|
|9900|1990|1|
|9900|9001|1|
|9900|9900|14|
|9900|9090|01|
|9900|9999|01|
|9090|17|
|9999|30|
